@misc{omari:2018,
  title={Enabling Empirical Research: A Corpus of Large-Scale Python Systems},
  author={Safwan Omari and Gina Martinez},
  year={2018},
  note={[Provided by Dr. Omari]}
}

@article{baishakhi:2017,
  title={A Large-Scale Study of Programming Languages and Code Quality in GitHub},
  author={Baishakhi Ray and Daryl Posnett and Premkumar Devanbu and Vladimir Filkov},
  journal={COMMUNICATIONS OF THE ACM},
  volume={60},
  number={10},
  pages={91--100},
  year={2017}
}

@misc{pylint:main,
  title        = "Pylint",
  author       = "Logilab and contributors",
  howpublished = "Logilab",
  year         = "2020",
  url          = "https://pylint.org/",
  note         = "\url{https://pylint.org/} [Online; accessed 7-December-2021]"
}

@misc{pylint:score,
  title = "Pylint features",
  author = "Logilab, PyCQA and contributors",
  howpublished = "Logilab and PyCQA",
  year = "2021",
  url = "https://pylint.pycqa.org/en/latest/technical_reference/features.html#reports-options",
  note = "\url{https://pylint.pycqa.org/en/latest/technical_reference/features.html#reports-options} [Online; accessed 7-December-2021]"
}

@misc{pylint:pep8,
  title        = "PEP 8 -- Style Guide for Python Code",
  author       = "Python Software Foundation and contributors",
  howpublished = "Heroku Application",
  year         = "2021",
  url          = "https://www.python.org/dev/peps/pep-0008/",
  note         = "\url{https://www.python.org/dev/peps/pep-0008/} [Online; accessed 7-December-2021]",
}

@article{baggen:2012,
  title={Standardized code quality benchmarking for improving software maintainability},
  author={Robert Baggen and José and Pedro Correia and Katrin Schill and Joost Visser},
  journal={Software Qual J},
  volume={20},
  pages={287-–307},
  year={2012},
  publisher={Springer Science+Business Media}
}

@misc{iso/iec:25010:2011,
  title={ISO/IEC 25010:2011: Systems and software engineering — Systems and software Quality Requirements and Evaluation (SQuaRE) — System and software quality models},
  author={Technical Committees: ISO/IEC JTC 1/SC 7 and Software and systems engineering},
  howpublished={ISO},
  year={2011},
  url={https://www.iso.org/standard/35733.html},
  note="\url{https://www.iso.org/standard/35733.html} [Online; accessed 7-December-2021]"
}

@book{book:software-architecture-in-practice,
  title = {Software Architecture in Practice: Third Edition},
  author = {Len Bass and Paul Clements and Rick Kazman},
  year = {2012},
  publisher = {Addison-Wesley Professional}
}

@article{piantadosi:2020,
  title={How does code readability change during software evolution?},
  author={Valentina Piantadosi and Fabiana Fierro and Simone Scalabrino and Alexander Serebrenik and Rocco Oliveto},
  journal={Software Qual J},
  volume={25},
  pages={5374–-5412},
  year={2020},
  publisher={Springer Science+Business Media, LLC}
}
